<?xml version="1.0" encoding="UTF-8"?><collection xmlns="http://www.loc.gov/MARC21/slim"><record><leader>00384nam--2200121-i-4500</leader><controlfield tag="001">000040579</controlfield><controlfield tag="002">20161230</controlfield><controlfield tag="005">20161230201042</controlfield><controlfield tag="008">060222s1000------------r-----000-0-eng-d</controlfield><datafield ind1=" " ind2=" " tag="100"><subfield code="a">Scheller, Heinrich</subfield></datafield><datafield ind1=" " ind2=" " tag="245"><subfield code="a">Einfuhrung in die angewandte specktrochemische analyse. 3.verbesserte und erweiterte auflage</subfield></datafield><datafield ind1=" " ind2=" " tag="260"><subfield code="a">Berlin, Veb Verlag Technik, 1960, 202p.+ Tabellenhang</subfield></datafield><datafield ind1=" " ind2=" " tag="852"><subfield code="a">8530</subfield></datafield></record></collection>